@article {freed2021reflection,
	AUTHOR = {Freed, Daniel S. and Hopkins, Michael J.},
	TITLE = {Reflection positivity and invertible topological phases},
	JOURNAL = {Geom. Topol.},
	FJOURNAL = {Geometry \& Topology},
	VOLUME = {25},
	YEAR = {2021},
	NUMBER = {3},
	PAGES = {1165--1330},
	ISSN = {1465-3060},
	MRCLASS = {81T45 (55N22 57R90 81T50 82D03)},
	MRNUMBER = {4268163},
	DOI = {10.2140/gt.2021.25.1165},
	URL = {https://doi.org/10.2140/gt.2021.25.1165},
}

@article {gaiotto2019cohomology,
	AUTHOR = {Gaiotto, Davide and Johnson-Freyd, Theo},
	TITLE = {Symmetry protected topological phases and generalized
	cohomology},
	JOURNAL = {J. High Energy Phys.},
	FJOURNAL = {Journal of High Energy Physics},
	YEAR = {2019},
	NUMBER = {5},
	PAGES = {007, 34},
	ISSN = {1126-6708},
	MRCLASS = {81T45},
	MRNUMBER = {3978827},
	DOI = {10.1007/jhep05(2019)007},
	URL = {https://doi.org/10.1007/jhep05(2019)007},
}

@article {xiong2018minimalist,
	AUTHOR = {Xiong, Charles Zhaoxi},
	TITLE = {Minimalist approach to the classification of symmetry
	protected topological phases},
	JOURNAL = {J. Phys. A},
	FJOURNAL = {Journal of Physics. A. Mathematical and Theoretical},
	VOLUME = {51},
	YEAR = {2018},
	NUMBER = {44},
	PAGES = {445001, 71},
	ISSN = {1751-8113},
	MRCLASS = {82B26 (55N20)},
	MRNUMBER = {3863285},
	DOI = {10.1088/1751-8121/aae0b1},
	URL = {https://doi.org/10.1088/1751-8121/aae0b1},
}

@ARTICLE{freed2014shortrange,
	author = {{Freed}, Daniel S.},
	title = "{Short-range entanglement and invertible field theories}",
	journal = {arXiv e-prints},
	year = 2014,
	archivePrefix = {arXiv},
	eprint = {1406.7278},
}

@article{kapustin2015cobordism,
	AUTHOR = {Kapustin, Anton and Thorngren, Ryan and Turzillo, Alex and Wang, Zitao},
	TITLE = {Fermionic symmetry protected topological phases and
	cobordisms},
	JOURNAL = {J. High Energy Phys.},
	FJOURNAL = {Journal of High Energy Physics},
	YEAR = {2015},
	NUMBER = {12},
	PAGES = {052, front matter+20pp},
	ISSN = {1126-6708},
	MRCLASS = {81T60},
	MRNUMBER = {3464750},
	DOI = {10.1007/jhep12(2015)052},
	URL = {https://doi.org/10.1007/jhep12(2015)052},
}

@ARTICLE{parent2012interval,
	AUTHOR = {Parent, Paul-Eug\`ene and Tanr\'{e}, Daniel},
	TITLE = {Lawrence-{S}ullivan models for the interval},
	JOURNAL = {Topology Appl.},
	FJOURNAL = {Topology and its Applications},
	VOLUME = {159},
	YEAR = {2012},
	NUMBER = {1},
	PAGES = {371--378},
	ISSN = {0166-8641},
	MRCLASS = {55P62 (17B70)},
	MRNUMBER = {2852982},
	MRREVIEWER = {Marc Aubry},
	DOI = {10.1016/j.topol.2011.10.006},
	URL = {https://doi.org/10.1016/j.topol.2011.10.006},
}

@ARTICLE{salvatore2020multisimplicial,
	author = {{Pizzi}, Andrea and {Salvatore}, Paolo},
	title = "{On the multisimplicial cup product}",
	journal = {arXiv e-prints},
	year = 2020,
	archivePrefix = {arXiv},
	eprint = {2012.02060},
}

@ARTICLE{vallette2020higherlietheory,
	author = {{Robert-Nicoud}, Daniel and {Vallette}, Bruno},
	title = "{Higher Lie theory}",
	journal = {arXiv e-prints},
	year = 2020,
	archivePrefix = {arXiv},
	eprint = {2010.10485},
}

@article {buijs2013algebraicmodels,
	AUTHOR = {Buijs, Urtzi and Murillo, Aniceto},
	TITLE = {Algebraic models of non-connected spaces and homotopy theory
	of {$L_\infty$} algebras},
	JOURNAL = {Adv. Math.},
	FJOURNAL = {Advances in Mathematics},
	VOLUME = {236},
	YEAR = {2013},
	PAGES = {60--91},
	ISSN = {0001-8708},
	MRCLASS = {55P62},
	MRNUMBER = {3019716},
	MRREVIEWER = {Samuel B. Smith},
	DOI = {10.1016/j.aim.2012.12.014},
	URL = {https://doi.org/10.1016/j.aim.2012.12.014},
}

@article {lawrence2019triangle,
	AUTHOR = {Griniasty, Itay and Lawrence, Ruth},
	TITLE = {An explicit symmetric {DGLA} model of a triangle},
	JOURNAL = {High. Struct.},
	FJOURNAL = {Higher Structures},
	VOLUME = {3},
	YEAR = {2019},
	NUMBER = {1},
	PAGES = {1--16},
	MRCLASS = {17B55 (17B01 55U15)},
	MRNUMBER = {3939044},
	MRREVIEWER = {Xue Feng Mao},
	url = {https://journals.mq.edu.au/index.php/higher_structures/article/view/85}
}

@article {lawrence2021cells,
	AUTHOR = {Griniasty, Itay and Lawrence, Ruth},
	TITLE = {Explicit symmetric {DGLA} models of 3-cells},
	JOURNAL = {Canad. Math. Bull.},
	FJOURNAL = {Canadian Mathematical Bulletin. Bulletin Canadien de
	Math\'{e}matiques},
	VOLUME = {64},
	YEAR = {2021},
	NUMBER = {2},
	PAGES = {368--382},
	ISSN = {0008-4395},
	MRCLASS = {17B55 (17B01 55U15)},
	MRNUMBER = {4273206},
	DOI = {10.4153/S0008439520000508},
	URL = {https://doi.org/10.4153/S0008439520000508},
}

